<?xml version="1.0" encoding="UTF-8"?>
                <record xmlns="http://www.loc.gov/MARC21/slim">
                    <leader>01442nam a2200409 cc4500</leader>
                    <controlfield tag="001">990072287160203331</controlfield>
                    <controlfield tag="005">20200220150248.0</controlfield>
                    <controlfield tag="007">tu</controlfield>
                    <controlfield tag="008">090120|2009    |||           ||| | eng c</controlfield>
                    <controlfield tag="009">AC07456371</controlfield>
                    <datafield tag="015" ind1=" " ind2=" ">
                        <subfield code="a">09,N01,3922</subfield>
                        <subfield code="2">dnb</subfield>
                    </datafield>
                    <datafield tag="015" ind1=" " ind2=" ">
                        <subfield code="a">OeB2009,A,19 943.6</subfield>
                        <subfield code="2">oeb</subfield>
                    </datafield>
                    <datafield tag="020" ind1=" " ind2=" ">
                        <subfield code="a">9783205783527</subfield>
                        <subfield code="c">kart. : EUR 39,00</subfield>
                    </datafield>
                    <datafield tag="024" ind1="3" ind2=" ">
                        <subfield code="a">9783205783527</subfield>
                    </datafield>
                    <datafield tag="035" ind1=" " ind2=" ">
                        <subfield code="a">(AT-OBV)AC07456371</subfield>
                    </datafield>
                    <datafield tag="035" ind1=" " ind2=" ">
                        <subfield code="a">AC07456371</subfield>
                    </datafield>
                    <datafield tag="035" ind1=" " ind2=" ">
                        <subfield code="a">(Aleph)007228716ACC01</subfield>
                    </datafield>
                    <datafield tag="035" ind1=" " ind2=" ">
                        <subfield code="a">(DE-599)OBVAC07456371</subfield>
                    </datafield>
                    <datafield tag="040" ind1=" " ind2=" ">
                        <subfield code="a">UBW</subfield>
                        <subfield code="b">ger</subfield>
                        <subfield code="d">AT-UBW</subfield>
                        <subfield code="e">rakwb</subfield>
                    </datafield>
                    <datafield tag="041" ind1=" " ind2=" ">
                        <subfield code="a">eng</subfield>
                    </datafield>
                    <datafield tag="044" ind1=" " ind2=" ">
                        <subfield code="c">XA-AT</subfield>
                    </datafield>
                    <datafield tag="084" ind1=" " ind2=" ">
                        <subfield code="a">NP 5906</subfield>
                        <subfield code="2">rvk</subfield>
                    </datafield>
                    <datafield tag="084" ind1=" " ind2=" ">
                        <subfield code="a">NP 5899</subfield>
                        <subfield code="2">rvk</subfield>
                    </datafield>
                    <datafield tag="100" ind1="1" ind2=" ">
                        <subfield code="a">Wank, Solomon</subfield>
                        <subfield code="d">1930-2014</subfield>
                        <subfield code="0">(DE-588)142850179</subfield>
                        <subfield code="4">aut</subfield>
                        <subfield code="9">O:H</subfield>
                    </datafield>
                    <datafield tag="245" ind1="1" ind2="0">
                        <subfield code="a">In the twilight of empire</subfield>
                        <subfield code="b">count Alois Lexa von Aehrenthal (1854 - 1912), imperial Habsburg patriot and statesman</subfield>
                        <subfield code="n">1</subfield>
                        <subfield code="p">&lt;&lt;The>> making of an imperial Habsburg patriot and statesman</subfield>
                        <subfield code="c">Solomon Wank</subfield>
                    </datafield>
                    <datafield tag="264" ind1=" " ind2="1">
                        <subfield code="a">Wien [u.a.]</subfield>
                        <subfield code="b">Böhlau</subfield>
                        <subfield code="c">2009</subfield>
                    </datafield>
                    <datafield tag="300" ind1=" " ind2=" ">
                        <subfield code="a">292, IV S.</subfield>
                        <subfield code="b">Ill.</subfield>
                    </datafield>
                    <datafield tag="490" ind1="0" ind2=" ">
                        <subfield code="a">Veröffentlichungen der Kommission für Neuere Geschichte Österreichs</subfield>
                        <subfield code="v">102,1</subfield>
                    </datafield>
                    <datafield tag="500" ind1=" " ind2=" ">
                        <subfield code="a">Literaturverz. S. [277] - 292</subfield>
                    </datafield>
                    <datafield tag="773" ind1="0" ind2="8">
                        <subfield code="w">(AT-OBV)AC07677339</subfield>
                        <subfield code="q">1</subfield>
                    </datafield>
                    <datafield tag="856" ind1="4" ind2="2">
                        <subfield code="u">http://media.obvsg.at/AC07456371-1001</subfield>
                        <subfield code="x">BVB-CE</subfield>
                        <subfield code="m">V:DE-604</subfield>
                        <subfield code="q">application/pdf</subfield>
                        <subfield code="3">Inhaltsverzeichnis</subfield>
                        <subfield code="o">OBV-BVB-CE</subfield>
                    </datafield>
                    <datafield tag="852" ind1="0" ind2="1">
                        <subfield code="a">43ACC_UBS</subfield>
                        <subfield code="6">990018619790203341</subfield>
                        <subfield code="9">P</subfield>
                    </datafield>
                    <datafield tag="852" ind1="0" ind2="1">
                        <subfield code="a">43ACC_BMA</subfield>
                        <subfield code="6">990004988530304534</subfield>
                        <subfield code="9">P</subfield>
                    </datafield>
                    <datafield tag="852" ind1="0" ind2="1">
                        <subfield code="a">43ACC_WIENB</subfield>
                        <subfield code="6">9910603696404516</subfield>
                        <subfield code="9">P</subfield>
                    </datafield>
                    <datafield tag="852" ind1="0" ind2="1">
                        <subfield code="a">43ACC_UBW</subfield>
                        <subfield code="6">990067635800203332</subfield>
                        <subfield code="9">P</subfield>
                    </datafield>
                    <datafield tag="852" ind1="0" ind2="1">
                        <subfield code="a">43ACC_UBG</subfield>
                        <subfield code="6">990023854700203339</subfield>
                        <subfield code="9">P</subfield>
                    </datafield>
                    <datafield tag="852" ind1="0" ind2="1">
                        <subfield code="a">43ACC_UBI</subfield>
                        <subfield code="6">990015168790103333</subfield>
                        <subfield code="9">P</subfield>
                    </datafield>
                    <datafield tag="852" ind1="0" ind2="1">
                        <subfield code="a">43ACC_UBK</subfield>
                        <subfield code="6">990006528720203346</subfield>
                        <subfield code="9">P</subfield>
                    </datafield>
                    <datafield tag="852" ind1="0" ind2="1">
                        <subfield code="a">43ACC_ONB</subfield>
                        <subfield code="6">990016456470603338</subfield>
                        <subfield code="9">P</subfield>
                    </datafield>
                    <datafield tag="852" ind1="0" ind2="1">
                        <subfield code="a">43ACC_OOELB</subfield>
                        <subfield code="6">990006104140304508</subfield>
                        <subfield code="9">P</subfield>
                    </datafield>
                    <datafield tag="970" ind1="1" ind2=" ">
                        <subfield code="c">54</subfield>
                    </datafield>
                    <datafield tag="970" ind1="7" ind2=" ">
                        <subfield code="a">LKR/ITM-UBK</subfield>
                    </datafield>
                    <datafield tag="970" ind1="2" ind2=" ">
                        <subfield code="a">UBW</subfield>
                    </datafield>
                    <datafield tag="974" ind1="0" ind2="s">
                        <subfield code="F">030</subfield>
                        <subfield code="A">a|1ucr|||||||</subfield>
                    </datafield>
                    <datafield tag="974" ind1="0" ind2="s">
                        <subfield code="F">050</subfield>
                        <subfield code="A">a|a|||||||||||</subfield>
                    </datafield>
                    <datafield tag="974" ind1="0" ind2="s">
                        <subfield code="F">051</subfield>
                        <subfield code="A">||||||||</subfield>
                    </datafield>
                </record>